@PREAMBLE{
 "\providecommand{\noopsort}[1]{}"
 # "\providecommand{\singleletter}[1]{#1}%"
}

@BOOK{mahan00,
  author       = "G. D. Mahan",
  year         = "2000",
  title        = "Many-particle physics",
  publisher    = "Springer Science \& Business Media, New York"
}

@BOOK{bruus04,
  author       = "Henrik Bruus and Karsten Flensberg",
  year         = "2004",
  title        = "Many-body quantum theory in condensed matter physics: an introduction",
  publisher    = "Oxford University Press, New York"
}

@ARTICLE{husimi53,
   author       = "K. Husimi",
   year         = "1953",
   journal      = "Prog. Theor. Phys.",
   volume       = "9",
   pages        = "381",
   url          = "https://doi.org/10.1143/ptp/9.4.381"
}

@BOOK{ditt98,
  author       = "T. Dittrich and P. Hänggi and G. L. Ingold and B. Kramer and G. Schön and W. Zwerger",
  year         = "1998",
  title        = "Quantum Transport and Dissipation",
  publisher    = "Wiley-VCH, Weinheim"
}

@ARTICLE{dini16,
   author       = "K. Dini and O. V. Kibis and I. A. Shelykh",
   year         = "2016",
   journal      = "Phys. Rev. B",
   volume       = "93",
   pages        = "235411",
   url={https://doi.org/10.1103/PhysRevB.93.235411}
}

@ARTICLE{wackerl20,
    author       = "M. Wackerl and P. Wenk and J. Schliemann",
    year         = "2020",
    journal      = "Phys. Rev. B",
    volume       = "101",
    pages        = "184204",
    url={https://doi.org/10.1103/PhysRevB.101.184204}
}

@ARTICLE{grifoni98,
    author       = "M. Grifoni and P. Hänggi",
    year         = "1998",
    journal      = "Phys. Rep.",
    volume       = "304",
    pages        = "229",
    url={https://doi.org/10.1016/S0370-1573(98)00022-2}
}

@ARTICLE{holthaus15,
    author       = "M. Holthaus",
    year         = "2015",
    journal      = "J. Phys. B: At., Mol. Opt. Phys.",
    volume       = "49",
    pages        = "013001",
    url          = "https://doi.org/10.1088/0953-4075/49/1/013001"
}

@ARTICLE{floquet83,
    author       = "G. Floquet",
    year         = "1883",
    journal      = "Scientific annals of the École Normale Supérieure",
    volume       = "12",
    pages        = "47",
    url          = "https://doi.org/10.24033/asens.220"
}

@ARTICLE{celeghini21,
    author       = "E. Celeghini and M. Gadella and M. A. del Olmo",
    year         = "2021",
    journal      = "Symmetry",
    volume       = "13",
    pages        = "853",
    url          = "https://doi.org/10.3390/sym13050853"
}

@ARTICLE{sambe75,
    author       = "H. Sambe",
    year         = "1975",
    journal      = "Phys. Rev. A",
    volume       = "7",
    pages        = "2203",
    url          = "https://doi.org/10.1103/PhysRevA.7.2203"
}

@ARTICLE{peskin93,
    author       = "U. Peskin and R. Kosloff and N. Moiseyev",
    year         = "1994",
    journal      = "J. Chem. Phys.",
    volume       = "100",
    pages        = "8849",
    url          = "https://doi.org/10.1063/1.466739"
}

@ARTICLE{althorpe97,
    author       = "S. C. Althorpe and D. J. Kouri and D. K. Hoffman and N. Moiseyev",
    year         = "1997",
    journal      = "Chem. Phys.",
    volume       = "217",
    pages        = "289",
    url          = "https://doi.org/10.1016/S0301-0104(97)00062-1"
}

@BOOK{akkermans10,
  author       = "E. Akkermans and G. Montambaux",
  year         = "2010",
  title        = "Mesoscopic Physics of Electrons and Photons",
  publisher    = "Cambridge University Press"
}

@BOOK{arfken85,
  author       = "G. Arfken",
  year         = "1985",
  title        = "Mathematical Methods for Physicists ",
  publisher    = "Academic Press, Inc. , San Diego"
}

@BOOK{bracewell78,
  author       = "R. Bracewell",
  year         = "1978",
  title        = "The Fourier Transform and Its Applications",
  publisher    = "McGraw-Hill, New York"
}

@BOOK{cuyt08,
  author       = "A. Cuyt and V.B. Petersen and B. Verdonk and H. Waadeland and W.B. Jones",
  year         = "2008",
  title        = "Handbook of Continued Fractions for Special Functions",
  publisher    = "Springer, Dordrecht"
}

@BOOK{abramowitz64,
  author       = "M. Abramowitz and I. A. Stegun",
  year         = "1964",
  title        = "Handbook of Mathematical Functions with Formulas, Graphs, and Mathematical Tables",
  publisher    = "Dover, New York"
}

@ARTICLE{kibis14,
    author       = "O. V. Kibis",
    year         = "2014",
    journal      = "Europhys. Lett.",
    volume       = "107",
    pages        = "57003",
    url={https://doi.org/10.1209/0295-5075/107/57003}
}

@BOOK{griffiths18,
  author       = "D. J. Griffiths and D. F. Schroeter",
  year         = "2018",
  title        = "Introduction to Quantum Mechanics",
  publisher    = "Cambridge University Press"
}

@BOOK{shankar94,
  author       = "R. Shankar",
  year         = "1994",
  title        = "Principles of Quantum Mechanics",
  publisher    = "Springer, New York"
}

@ARTICLE{endo09,
    author       = "A. Endo and N. Hatano and H. Nakamura and R. Shirasaki",
    year         = "2009",
    journal      = "J. Phys. Condens. Matter",
    volume       = "21",
    pages        = "345803",
    url={https://doi.org/10.1088/0953-8984/21/34/345803}
}

@BOOK{vedenyapin11,
  author       = "V.Vedenyapin and A. Sinitsyn and E. Dulov",
  year         = "2011",
  title        = "Kinetic Boltzmann, Vlasov and Related Equations",
  publisher    = "Elsevier, Amsterdam"
}

@BOOK{szego59,
  author       = "G. Szegö",
  year         = "1959",
  title        = "Orthogonal Polynomials",
  publisher    = "American Mathematical Society, New York"
}

@phdthesis{wackerlthesis20,
  author       = "M. Wackerl",
  title        = "Transport in Periodically Driven Systems",
  school       = "University of Regensburg",
  year         = "2020"
}

@ARTICLE{tsuji08,
    author       = "N. Tsuji and T. Oka and H. Aoki",
    year         = "2008",
    journal      = "Phys. Rev. B",
    volume       = "78",
    pages        = "235124",
    url          = "https://doi.org/10.1103/PhysRevB.78.235124"
}

@article{ando72,
  author={Ando, Tsuneya and Matsumoto, Yukio and Uemura, Yasutada and Kobayashi, Mineo and Komatsubara, Kiichi F},
  journal={J. Phys. Soc. Jpn.},
  volume={32},
  pages={859},
  year={1972},
  url={https://doi.org/10.1143/JPSJ.32.859}
}

@ARTICLE{ando74_1,
    author       = "T. Ando and Y. Uemura",
    year         = "1974",
    journal      = "J. Phys. Soc. Jpn.",
    volume       = "36",
    pages        = "959",
    url={https://doi.org/10.1143/JPSJ.36.959}
}

@ARTICLE{ando74_2,
    author       = "T. Ando",
    year         = "1974",
    journal      = "J. Phys. Soc. Jpn.",
    volume       = "36",
    pages        = "1521",
    url={https://doi.org/10.1143/JPSJ.36.1521}
}

@ARTICLE{ando74_3,
    author       = "T. Ando",
    year         = "1974",
    journal      = "J. Phys. Soc. Jpn.",
    volume       = "37",
    pages        = "622",
    url={https://doi.org/10.1143/JPSJ.37.622}
}

@ARTICLE{ando74_4,
    author       = "T. Ando and Y. Uemura",
    year         = "1974",
    journal      = "J. Phys. Soc. Jpn.",
    volume       = "37",
    pages        = "1233",
    url={https://doi.org/10.1143/JPSJ.37.1233}
}

@ARTICLE{ando82,
    author       = "T. Ando and A. B. Fowler and F. Stern",
    year         = "1982",
    journal      = "Rev. Mod. Phys.",
    volume       = "54",
    pages        = "437",
    url={https://doi.org/10.1103/RevModPhys.54.437}
}

@article{liu16,
  author={Liu, Yuan and Weiss, Nathan O and Duan, Xidong and Cheng, Hung Chieh and Huang, Yu and Duan, Xiangfeng},
  journal={Nat. Rev. Mater.},
  volume={1},
  pages={16042},
  year={2016},
  url={https://doi.org/10.1038/natrevmats.2016.42}
}

@article{wijesekara20,
  author={Wijesekara, Ravi T and Gunapala, Sarath D and Stockman, Mark I and Premaratne, Malin},
  journal={Phys. Rev. B},
  volume={101},
  pages={245402},
  year={2020},
  url={https://doi.org/10.1103/PhysRevB.101.245402}
}

@article{tao21,
  author={Tao, Li and Chen, Zefeng and Li, Zhiyong and Wang, Jiaqi and Xu, Xin and Xu, Jian-Bin},
  journal={InfoMat},
  volume={3},
  pages={36},
  year={2020},
  url={https://doi.org/10.1002/inf2.12148}
}

@article{rodrigo15,
  author={Rodrigo, Daniel and Limaj, Odeta and Janner, Davide and Etezadi, Dordaneh and De Abajo, F Javier García and Pruneri, Valerio and Altug, Hatice},
  journal={Science},
  volume={349},
  pages={165},
  year={2015},
  url={https://doi.org/10.1126/science.aab2051}
}

@article{pirandola18,
  author={Pirandola, Stefano and Bardhan, B Roy and Gehring, Tobias and Weedbrook, Christian and Lloyd, Seth},
  journal={Nat. Photoics},
  volume={12},
  pages={724},
  year={2018},
  url={https://doi.org/10.1038/s41566-018-0301-6}
}

@article{hapuarachchi2018,
  author={Hapuarachchi, Harini and Mallawaarachchi, Sudaraka and Hattori, Haroldo T and Zhu, Weiren and Premaratne, Malin},
  journal={J. Phys. Condens. Matter.},
  volume={30},
  pages={054006},
  year={2018},
  url={https://doi.org/10.1088/1361-648X/aaa46d}
}

@article{yuan16,
  author={Yuan, Mingjian and Liu, Mengxia and Sargent, Edward H},
  journal={Nature Energy},
  volume={1},
  number={3},
  pages={16016},
  year={2016},
  url={https://doi.org/10.1038/nenergy.2016.16}
}

@article{sun18,
  author={Sun, Bin and Ouellette, Olivier and de Arquer, F Pelayo Garc{\'\i}a and Voznyy, Oleksandr and Kim, Younghoon and Wei, Mingyang and Proppe, Andrew H and Saidaminov, Makhsud I and Xu, Jixian and Liu, Mengxia and others},
  journal={Nat. Commun.},
  volume={9},
  pages={4003},
  year={2018},
  url={https://doi.org/10.1038/s41467-018-06342-7}
}

@article{huh15,
  author={Huh, Joonsuk and Guerreschi, Gian Giacomo and Peropadre, Borja and McClean, Jarrod R and Aspuru-Guzik, Alán},
  journal={Nat. Photonics},
  volume={9},
  pages={615},
  year={2015},
  url={https://doi.org/10.1038/nphoton.2015.153}
}

@article{slussarenko19,
  author={Slussarenko, Sergei and Pryde, Geoff J},
  journal={Appl. Phys. Rev.},
  volume={6},
  pages={041303},
  year={2019},
  url={https://doi.org/10.1063/1.5115814}
}

@article{andersen21,
  author={Andersen, Ulrik Lund},
  journal={Nature},
  volume={591},
  pages={40},
  year={2021},
  url={https://doi.org/10.1038/d41586-021-00488-z}
}

@article{marais18,
  author={Marais, Adriana and Adams, Betony and Ringsmuth, Andrew K and Ferretti, Marco and Gruber, J Michael and Hendrikx, Ruud and Schuld, Maria and Smith, Samuel L and Sinayskiy, Ilya and Kr{\"u}ger, Tjaart PJ and others},
  journal={J. R. Soc. Interface},
  volume={15},
  pages={20180640},
  year={2018},
  url={https://doi.org/10.1098/rsif.2018.0640}
}

@article{bian20,
  author={Bian, Feika and Sun, Lingyu and Cai, Lijun and Wang, Yu and Zhao, Yuanjin},
  journal={Proc. Natl. Acad. Sci.},
  volume={117},
  pages={22736},
  year={2020},
  url={https://doi.org/10.1073/pnas.2011660117}
}

@article{rivera20,
  author={Rivera, Nicholas and Kaminer, Ido},
  journal={Nat. Rev. Phys.},
  volume={2},
  pages={538},
  year={2020},
  url={https://doi.org/10.1038/s42254-020-0224-2}
}

@article{shalaev07,
  author={Shalaev, Vladimir M},
  journal={Nat. Photonics},
  volume={1},
  pages={41},
  year={2007},
  url={https://doi.org/10.1038/nphoton.2006.49}
}

@article{si14,
  author={Si, Kae Jye and Sikdar, Debabrata and Chen, Yi and Eftekhari, Fatima and Xu, Zaiquan and Tang, Yue and Xiong, Wei and Guo, Pengzhen and Zhang, Shuang and Lu, Yuerui and others},
  journal={ACS Nano},
  volume={8},
  pages={11086},
  year={2014},
  url={https://doi.org/10.1021/nn504615a}
}

@article{hapuarachchi19,
  author={Hapuarachchi, Harini and Gunapala, Sarath D and Premaratne, Malin},
  journal={J. Phys. Condens. Matter.},
  volume={31},
  pages={325301},
  year={2019},
  url={https://doi.org/10.1088/1361-648X/ab1234}
}

@article{perera20,
  author={Perera, Tharaka and Gunapala, Sarath D and Stockman, Mark I and Premaratne, Malin},
  journal={J. Phys. Chem. C},
  volume={124},
  pages={27694},
  year={2020},
  url={https://doi.org/10.1021/acs.jpcc.0c10507}
}

@article{zhang05,
  author={Zhang, Yanfeng and Russo, Richard E and Mao, Samuel S},
  journal={Appl. Phys. Lett.},
  volume={87},
  pages={043106},
  year={2005},
  url={https://doi.org/10.1063/1.2001754}
}

@article{chow13,
  author={Chow, Weng W and Jahnke, Frank},
  journal={Prog. Quantum. Electron.},
  volume={37},
  pages={109},
  year={2013},
  url={https://doi.org/10.1016/j.pquantelec.2013.04.001}
}

@article{tsang10,
  author={Tsang, Mankei},
  journal={Phys. Rev. A},
  volume={81},
  pages={063837},
  year={2010},
  url = {https://doi.org/10.1103/PhysRevA.81.063837}
}

@article{devi20,
  author={Devi, Asha and Gunapala, Sarath D and Stockman, Mark I and Premaratne, Malin},
  journal={Phys. Rev. A},
  volume={102},
  pages={013701},
  year={2020},
  url = {https://doi.org/10.1103/PhysRevA.102.013701}
}

@article{kitagawa11,
  author={Kitagawa, Takuya and Oka, Takashi and Brataas, Arne and Fu, Liang and Demler, Eugene},
  journal={Phys. Rev. B},
  volume={84},
  pages={235108},
  year={2011},
  url = {https://doi.org/10.1103/PhysRevB.84.235108}
}

@article{zhou11,
  author={Zhou, Y and Wu, Ming Wei},
  journal={Phys.Rev.B},
  volume={83},
  pages={245436},
  year={2011},
  url = {https://doi.org/10.1103/PhysRevB.83.245436}
}

@article{pervishko15,
  author={Pervishko, A A and Kibis, Oleg V and Morina, S and Shelykh, I A},
  journal={Phys. Rev. B},
  volume={92},
  pages={205403},
  year={2015},
  url = {https://doi.org/10.1103/PhysRevB.92.205403}
}

@article{morina15,
  author={Morina, S and Kibis, O V and Pervishko, A A and Shelykh, I A},
  journal={Phys. Rev. B},
  volume={91},
  pages={155312},
  year={2015},
  url = {https://doi.org/10.1103/PhysRevB.91.155312}
}

@article{dehghani15,
  author={Dehghani, Hossein and Oka, Takashi and Mitra, Aditi},
  journal={Phys. Rev. B},
  volume={91},
  pages={155422},
  year={2015},
  url = {https://doi.org/10.1103/PhysRevB.91.155422}
}

@book{premaratne21,
  title={Theoretical Foundations of Nanoscale Quantum Devices},
  author={Premaratne, Malin and Agrawal, Govind P},
  year={2021},
  publisher={Cambridge University Press}
}

@book{scully01,
  title={Introduction to Quantum Optics},
  author={Scully, MO and Zubairy, MS},
  year={2001},
  publisher={Cambridge University Press}
}

@book{cohen98,
  title={Atom—Photon Interactions},
  author={Cohen-Tannoudji, Claude and Dupont-Roc, Jacques and Grynberg, Gilbert},
  year={1998},
  publisher={John Wiley \& Sons, Ltd}
}

@book{girvin90,
  title={The quantum Hall effect},
  author={Girvin, SM and Prange, R},
  year={1990},
  publisher={Springer-Verlag, New York}
}

@article{allerman95,
  author={Allerman, AA and Xu, W and Hauser, N and Jagadish, C},
  journal={J. Appl. Phys.},
  volume={77},
  pages={2052},
  year={1995},
  url={https://doi.org/10.1063/1.358844}
}

@article{tieke97,
  author={Tieke, B and Fletcher, R and Zeitler, U and Geim, AK and Henini, M and Maan, JC},
  journal={Phys. Rev. Lett.},
  volume={78},
  pages={4621},
  year={1997},
  url={https://doi.org/10.1103/PhysRevLett.78.4621}
}

@article{pan05,
  author={Pan, Wei and Xia, JS and Stormer, HL and Tsui, DC and Vicente, CL and Adams, ED and Sullivan, NS and Pfeiffer, LN and Baldwin, KW and West, KW},
  journal={Phys. Rev. Lett.},
  volume={95},
  pages={066808},
  year={2005},
  url={https://doi.org/10.1103/PhysRevLett.95.066808}
}

@article{landau30,
  author={Landau, L.D.},
  journal={Z. Physik},
  volume={64},
  pages={629},
  year={1930},
  url={https://doi.org/10.1007/BF01397213}
}

@BOOK{winkler03,
  title={Spin-orbit Coupling Effects in Two-Dimensional Electron and Hole Systems},
  author={Winkler, R},
  year={2003},
  publisher={Springer, Berlin}
}

@article{popov70,
  author={V.S. Popov and A.M. Perelomov},
  journal={J. Exp. Theor. Phys.},
  volume={30},
  pages={910},
  year={1970}
}

@article{wijesekara21,
  title = {Darlington pair of quantum thermal transistors},
  author = {Wijesekara, Ravi T. and Gunapala, Sarath D. and Premaratne, Malin},
  journal = {Phys. Rev. B},
  volume = {104},
  pages = {045405},
  year = {2021},
  url = {https://doi.org/10.1103/PhysRevB.104.045405}
}

@article{premaratne17,
  title={Theory and technology of SPASERs},
  author={Premaratne, Malin and Stockman, Mark I},
  journal={Adv. Opt. Photonics},
  volume={9},
  pages={79},
  year={2017},
  url = {https://doi.org/10.1364/AOP.9.000079}
}

@article{liu17,
  title={Open resonator electric spaser},
  author={Liu, Bobo and Zhu, Weiren and Gunapala, Sarath D and Stockman, Mark I and Premaratne, Malin},
  journal={ACS Nano},
  volume={11},
  pages={12573},
  year={2017},
  url={https://doi.org/10.1021/acsnano.7b06735}
}

@article{jayasekara16,
  title={MoS2 spaser},
  author={Jayasekara, Charith and Premaratne, Malin and Gunapala, Sarath D and Stockman, Mark I},
  journal={J. Appl. Phys.},
  volume={119},
  pages={133101},
  year={2016},
  url={https://doi.org/10.1063/1.4945378}
}

@article{weeraddana15,
  title = {Direct and third-body mediated resonance energy transfer in dimensionally constrained nanostructures},
  author = {Weeraddana, Dilusha and Premaratne, Malin and Andrews, David L.},
  journal = {Phys. Rev. B},
  volume = {92},
  pages = {035128},
  year = {2015},
  url = {https://doi.org/10.1103/PhysRevB.92.035128}
}
%>>>>
@article{fowler66,
  title={Magneto-oscillatory conductance in silicon surfaces},
  author={Fowler, Alan B and Fang, Frank F and Howard, William E and Stiles, Philip J},
  journal={Phys. Rev. Lett.},
  volume={16},
  pages={901},
  year={1966},
  url = {https://doi.org/10.1103/PhysRevLett.16.901}
}

@article{klitzing80,
  title={New method for high-accuracy determination of the fine-structure constant based on quantized Hall resistance},
  author={Klitzing, K V and Dorda, Gerhard and Pepper, Michael},
  journal={Phys. Rev. Lett.},
  volume={45},
  pages={494},
  year={1980},
  url = {https://doi.org/10.1103/PhysRevLett.45.494}
}

@article{ando85,
  title={Landau-level broadening in GaAs/AlGaAs heterojunctions},
  author={Ando, Tsuneya and Murayama, Yoshimasa},
  journal={J. Phys. Soc. Jpn.},
  volume={54},
  pages={1519},
  year={1985},
  url = {https://doi.org/10.1143/JPSJ.54.1519}
}

@article{dial07,
  title={High-resolution spectroscopy of two-dimensional electron systems},
  author={Dial, O E and Ashoori, R C and Pfeiffer, L N and West, K W},
  journal={Nature},
  volume={448},
  pages={176},
  year={2007},
  url = {https://doi.org/10.1038/nature05982}
}

@article{wakabayashi78,
  title={Hall effect in silicon MOS inversion layers under strong magnetic fields},
  author={Wakabayashi, Junichi and Kawaji, Shinji},
  journal={J. Phys. Soc. Jpn.},
  volume={44},
  pages={1839},
  year={1978},
  url = {https://doi.org/10.1143/JPSJ.44.1839}
}

@article{ahn03,
  title={Electric field effect in correlated oxide systems},
  author={Ahn, C H and Triscone, J M and Mannhart, Jochen},
  journal={Nature},
  volume={424},
  pages={1015},
  year={2003},
  url = {https://doi.org/10.1038/nature01878}
}

@article{deng18,
  title={Gate-tunable room-temperature ferromagnetism in two-dimensional Fe 3 GeTe 2},
  author={Deng, Yujun and Yu, Yijun and Song, Yichen and Zhang, Jingzhao and Wang, Nai Zhou and Sun, Zeyuan and Yi, Yangfan and Wu, Yi Zheng and Wu, Shiwei and Zhu, Junyi and others},
  journal={Nature},
  volume={563},
  pages={94},
  year={2018},
  url = {https://doi.org/10.1038/s41586-018-0626-9}
}

@article{yang18,
  title={Quantum hall effect in electron-doped black phosphorus field-effect transistors},
  author={Yang, Fangyuan and Zhang, Zuocheng and Wang, Nai Zhou and Ye, Guo Jun and Lou, Wenkai and Zhou, Xiaoying and Watanabe, Kenji and Taniguchi, Takashi and Chang, Kai and Chen, Xian Hui and others},
  journal={Nano Lett.},
  volume={18},
  pages={6611},
  year={2018},
  url = {https://doi.org/10.1021/acs.nanolett.8b03267}
}

@incollection{long20,
  title={Electronic Transport in Few-Layer Black Phosphorus},
  author={Long, Gen and Chen, Xiaolong and Xu, Shuigang and Wang, Ning},
  booktitle={Hybrid Nanomaterials-Flexible Electronics Materials},
  year={2020},
  publisher={IntechOpen},
  url = {https://doi.org/10.5772/intechopen.89149}
}

@article{li14,
  title={Black phosphorus field-effect transistors},
  author={Li, Likai and Yu, Yijun and Ye, Guo Jun and Ge, Qingqin and Ou, Xuedong and Wu, Hua and Feng, Donglai and Chen, Xian Hui and Zhang, Yuanbo},
  journal={Nat. Nanotechnol.},
  volume={9},
  pages={372},
  year={2014},
  url = {https://doi.org/10.1038/nnano.2014.35}
}

@article{zudov01,
  title={Shubnikov--de Haas-like oscillations in millimeterwave photoconductivity in a high-mobility two-dimensional electron gas},
  author={Zudov, M A and Du, R R and Simmons, J A and Reno, J L},
  journal={Phy. Rev. B},
  volume={64},
  pages={201311},
  year={2001},
  url = {https://doi.org/10.1103/PhysRevB.64.201311}
}

@article{mani02,
  title={Zero-resistance states induced by electromagnetic-wave excitation in GaAs/AlGaAs heterostructures},
  author={Mani, Ramesh G and Smet, J{\"u}rgen H and von Klitzing, Klaus and Narayanamurti, Venkatesh and Johnson, William B and Umansky, Vladimir},
  journal={Nature},
  volume={420},
  pages={646},
  year={2002},
  url = {https://doi.org/10.1038/nature01277}
}

@article{zudov03,
  title={Evidence for a new dissipationless effect in 2D electronic transport},
  author={Zudov, M A and Du, R R and Pfeiffer, L N and West, K W},
  journal={Phy. Rev. Lett.},
  volume={90},
  pages={046807},
  year={2003},
  url = {https://doi.org/10.1103/PhysRevLett.90.046807}
}

@article{mani04,
  title={Demonstration of a 1/4-cycle phase shift in the radiation-induced oscillatory magnetoresistance in GaAs/AlGaAs devices},
  author={Mani, R G and Smet, J H and Von Klitzing, K and Narayanamurti, V and Johnson, WB and Umansky, V},
  journal={Phy.Rev. Lett.},
  volume={92},
  pages={146801},
  year={2004},
  url = {https://doi.org/10.1103/PhysRevLett.92.146801}
}

@article{durst03,
  title = {Radiation-Induced Magnetoresistance Oscillations in a 2D Electron Gas},
  author = {Durst, Adam C. and Sachdev, Subir and Read, N. and Girvin, S. M.},
  journal = {Phys. Rev. Lett.},
  volume = {91},
  pages = {086803},
  year = {2003},
  url = {https://doi.org/10.1103/PhysRevLett.91.086803}
}

@article{dmitriev05,
  title = {Theory of microwave-induced oscillations in the magnetoconductivity of a two-dimensional electron gas},
  author = {Dmitriev, I. A. and Vavilov, M. G. and Aleiner, I. L. and Mirlin, A. D. and Polyakov, D. G.},
  journal = {Phys. Rev. B},
  volume = {71},
  pages = {115316},
  year = {2005},
  url = {https://doi.org/10.1103/PhysRevB.71.115316}
}

@article{dmitriev03,
  title = {Cyclotron-Resonance Harmonics in the ac Response of a 2D Electron Gas with Smooth Disorder},
  author = {Dmitriev, I. A. and Mirlin, A. D. and Polyakov, D. G.},
  journal = {Phys. Rev. Lett.},
  volume = {91},
  pages = {226802},
  year = {2003},
  url = {https://doi.org/10.1103/PhysRevLett.91.226802}
}

@article{dmitriev09,
  title = {Mechanisms of the microwave photoconductivity in two-dimensional electron systems with mixed disorder},
  author = {Dmitriev, I. A. and Khodas, M. and Mirlin, A. D. and Polyakov, D. G. and Vavilov, M. G.},
  journal = {Phys. Rev. B},
  volume = {80},
  pages = {165327},
  year = {2009},
  url = {https://doi.org/10.1103/PhysRevB.80.165327}
}

@article{arapov02,
  title={The key role of a smooth impurity potential in formation of the hole spectrum for p-Ge/Ge1-xSix heterostructures in the quantum Hall regime},
  author={Arapov, Yu G and Alshanskii, GA and Harus, GI and Neverov, VN and Shelushinina, NG and Yakunin, MV and Kuznetsov, OA},
  journal={Nanotechnology},
  volume={13},
  pages={86},
  year={2002},
  url = {https://doi.org/10.1088/0957-4484/13/1/319}
}

@article{kibis15,
  title={Aharonov-Bohm effect for excitons in a semiconductor quantum ring dressed by circularly polarized light},
  author={Kibis, Oleg Vasilyevich and Sigurdsson, Helgi and Shelykh, Ivan A},
  journal={Phy. Rev. B},
  volume={91},
  pages={235308},
  year={2015},
  url = {https://doi.org/10.1103/PhysRevB.91.235308}
}

@article{mancoff96,
  title={Shubnikov-de Haas oscillations in a two-dimensional electron gas in a spatially random magnetic field},
  author={Mancoff, FB and Zielinski, LJ and Marcus, CM and Campman, K and Gossard, AC},
  journal={Phy. Rev. B},
  volume={53},
  pages={R7599},
  year={1996},
  url = {https://doi.org/10.1103/PhysRevB.53.R7599}
}

@article{grbic04,
  title={Magnetotransport in C-doped AlGaAs heterostructures},
  author={Grbi{\'c}, B and Ellenberger, C and Ihn, T and Ensslin, K and Reuter, D and Wieck, AD},
  journal={App. Phy.Lett.},
  volume={85},
  pages={2277},
  year={2004},
  url = {https://doi.org/10.1063/1.1781750}
}

@article{caviglia10,
  title={Two-dimensional quantum oscillations of the conductance at LaAlO 3/SrTiO 3 interfaces},
  author={Caviglia, AD and Gariglio, Stefano and Cancellieri, Claudia and Sac{\'e}p{\'e}, Benjamin and Fete, Alexandre and Reyren, Nicolas and Gabay, Marc and Morpurgo, AF and Triscone, J-M},
  journal={Phy. Rev. Lett.},
  volume={105},
  pages={236802},
  year={2010},
  url = {https://doi.org/10.1103/PhysRevLett.105.236802}
}

@article{ochiai190,
  title={Shubnikov-de Haas oscillations in a narrow GaAs/AlGaAs wire},
  author={Ochiai, Yuichi and Mizuno, Masahiro and Kawabe, Mitsuo and Ishibashi, Koji and Aoyagi, Yoshinobu and Gamo, Kenji and Namba, Susumu},
  journal={Jpn. J. Appl. Phys.},
  volume={29},
  pages={L739},
  year={1990},
  url = {https://doi.org/10.1143/JJAP.29.L739}
}

@article{klitzing80,
  title={New method for high-accuracy determination of the fine-structure constant based on quantized Hall resistance},
  author={Klitzing, K v and Dorda, Gerhard and Pepper, Michael},
  journal={Phy. Rev. Lett.},
  volume={45},
  pages={494},
  year={1980},
  url = {https://doi.org/10.1103/PhysRevLett.45.494}
}

@article{gusynin06,
  title={Excitonic gap, phase transition, and quantum Hall effect in graphene},
  author={Gusynin, VP and Miransky, VA and Sharapov, SG and Shovkovy, IA},
  journal={Phy. Rev. B},
  volume={74},
  pages={195429},
  year={2006},
  url = {https://doi.org/10.1103/PhysRevB.74.195429}
}

@article{hirakawa01,
  title={Far-infrared photoresponse of the magnetoresistance of the two-dimensional electron systems in the integer quantized Hall regime},
  author={Hirakawa, K and Yamanaka, K and Kawaguchi, Y and Endo, M and Saeki, M and Komiyama, S},
  journal={Phy. Rev. B},
  volume={63},
  pages={085320},
  year={2001},
  url = {https://doi.org/10.1103/PhysRevB.63.085320}
}

\\ NEED TO ADD LINKS >>>

@article{seetharam2015,
  title={Controlled population of Floquet-Bloch states via coupling to Bose and Fermi baths},
  author={Seetharam, Karthik I and Bardyn, Charles-Edouard and Lindner, Netanel H and Rudner, Mark S and Refael, Gil},
  journal={Phys. Rev. X},
  volume={5},
  pages={041050},
  year={2015},
  url = {https://doi.org/10.1103/PhysRevX.5.041050}
}

@article{dehghani2014,
  title={Dissipative Floquet topological systems},
  author={Dehghani, Hossein and Oka, Takashi and Mitra, Aditi},
  journal={Phys. Rev. B},
  volume={90},
  pages={195429},
  year={2014},
  url = {https://doi.org/10.1103/PhysRevB.90.195429}
}

@article{seetharam2019,
  title={Steady states of interacting Floquet insulators},
  author={Seetharam, Karthik I and Bardyn, Charles-Edouard and Lindner, Netanel H and Rudner, Mark S and Refael, Gil},
  journal={Phys. Rev.B},
  volume={99},
  pages={014307},
  year={2019},
  url = {https://doi.org/10.1103/PhysRevB.99.014307}
}

@article{weidinger2017,
  title={Floquet prethermalization and regimes of heating in a periodically driven, interacting quantum system},
  author={Weidinger, Simon A and Knap, Michael},
  journal={Sci. Rep.},
  volume={7},
  pages={1--10},
  year={2017},
  url = {https://doi.org/10.1038/srep45382}
}

@article{genske2015,
  title={Floquet-Boltzmann equation for periodically driven Fermi systems},
  author={Genske, Maximilian and Rosch, Achim},
  journal={Phys. Rev.A},
  volume={92},
  pages={062108},
  year={2015},
  url = {https://doi.org/10.1103/PhysRevA.92.062108}
}

@article{rudner2020,
  title={Band structure engineering and non-equilibrium dynamics in Floquet topological insulators},
  author={Rudner, Mark S and Lindner, Netanel H},
  journal={Nat. Rev. Phys.},
  volume={2},
  pages={229},
  year={2020},
  url = {https://doi.org/10.1038/s42254-020-0170-z}
}

@article{lindner2017,
  title={Universal chiral quasisteady states in periodically driven many-body systems},
  author={Lindner, Netanel H and Berg, Erez and Rudner, Mark S},
  journal={Phys. Rev. X},
  volume={7},
  pages={011018},
  year={2017},
  url = {https://doi.org/10.1103/PhysRevX.7.011018}
}

@article{bukov2015,
  title={Universal high-frequency behavior of periodically driven systems: from dynamical stabilization to Floquet engineering},
  author={Bukov, Marin and D'Alessio, Luca and Polkovnikov, Anatoli},
  journal={Adv. Phys.},
  volume={64},
  pages={139},
  year={2015},
  url = {https://doi.org/10.1080/00018732.2015.1055918}
}

@article{eckardt2015,
  title={High-frequency approximation for periodically driven quantum systems from a Floquet-space perspective},
  author={Eckardt, Andr{\'e} and Anisimovas, Egidijus},
  journal={New J. Phys.},
  volume={17},
  pages={093039},
  year={2015},
  url = {https://doi.org/10.1088/1367-2630/17/9/093039}
}

@article{kuwahara2016,
  title={Floquet--Magnus theory and generic transient dynamics in periodically driven many-body quantum systems},
  author={Kuwahara, Tomotaka and Mori, Takashi and Saito, Keiji},
  journal={Ann. Phys.},
  volume={367},
  pages={96},
  year={2016},
  url = {https://doi.org/10.1016/j.aop.2016.01.012}
}

@article{abanin2017,
  title={Effective Hamiltonians, prethermalization, and slow energy absorption in periodically driven many-body systems},
  author={Abanin, Dmitry A and De Roeck, Wojciech and Ho, Wen Wei and Huveneers, Fran{\c{c}}ois},
  journal={Phys.Rev. B},
  volume={95},
  pages={014112},
  year={2017},
  url = {https://doi.org/10.1103/PhysRevB.95.014112}
}

@article{mori2018,
  title={Thermalization and prethermalization in isolated quantum systems: a theoretical overview},
  author={Mori, Takashi and Ikeda, Tatsuhiko N and Kaminishi, Eriko and Ueda, Masahito},
  journal={J. Phys. B: At. Mol. Opt. Phys},
  volume={51},
  pages={112001},
  year={2018},
  url = {https://doi.org/10.1088/1361-6455/aabcdf}
}

@article{kitagawa2011,
  title={Transport properties of nonequilibrium systems under the application of light: Photoinduced quantum Hall insulators without Landau levels},
  author={Kitagawa, Takuya and Oka, Takashi and Brataas, Arne and Fu, Liang and Demler, Eugene},
  journal={Phys. Rev. B},
  volume={84},
  pages={235108},
  year={2011},
  url = {https://doi.org/10.1103/PhysRevB.84.235108}
}

@article{yudin2016,
  title={Two-dimensional electron gas in the regime of strong light-matter coupling: Dynamical conductivity and all-optical measurements of Rashba and Dresselhaus coupling},
  author={Yudin, Dmitry and Shelykh, Ivan A},
  journal={Phys. Rev.B},
  volume={94},
  pages={161404},
  year={2016},
  url = {https://doi.org/10.1103/PhysRevB.94.161404}
}

@article{pervishko2015,
  title={Control of spin dynamics in a two-dimensional electron gas by electromagnetic dressing},
  author={Pervishko, AA and Kibis, Oleg V and Morina, S and Shelykh, IA},
  journal={Phys. Rev. B},
  volume={92},
  pages={205403},
  year={2015},
  url = {https://doi.org/10.1103/PhysRevB.92.205403}
}

@article{lopez2015,
  title={Photoinduced pseudospin effects in silicene beyond the off-resonant condition},
  author={L{\'o}pez, Alexander and Scholz, Andreas and Santos, Benjamin and Schliemann, John},
  journal={Phys. Rev. B},
  volume={91},
  pages={125105},
  year={2015},
  url = {https://doi.org/10.1103/PhysRevB.91.125105}
}

@phdthesis{wackerlthesis20,
  author       = "M. Wackerl",
  title        = "Transport in Periodically Driven Systems",
  school       = "University of Regensburg",
  year         = "2020"
}

@article{bukov2016,
  title={Heating and many-body resonances in a periodically driven two-band system},
  author={Bukov, Marin and Heyl, Markus and Huse, David A and Polkovnikov, Anatoli},
  journal={Phys. Rev. B},
  volume={93},
  pages={155132},
  year={2016},
  url = {https://doi.org/10.1103/PhysRevB.93.155132}
}

@article{bukov2015,
  title={Prethermal floquet steady states and instabilities in the periodically driven, weakly interacting bose-hubbard model},
  author={Bukov, Marin and Gopalakrishnan, Sarang and Knap, Michael and Demler, Eugene},
  journal={Phys. Rev. Lett.},
  volume={115},
  number={20},
  pages={205301},
  year={2015},
  url = {https://doi.org/10.1103/PhysRevLett.115.205301}
}

@article{abanin2015,
  title={Exponentially slow heating in periodically driven many-body systems},
  author={Abanin, Dmitry A and De Roeck, Wojciech and Huveneers, Fran{\c{c}}ois},
  journal={Phys. Rev. Lett.},
  volume={115},
  pages={256803},
  year={2015},
  url = {https://doi.org/10.1103/PhysRevLett.115.256803}
}






















//
