@PREAMBLE{
 "\providecommand{\noopsort}[1]{}"
 # "\providecommand{\singleletter}[1]{#1}%"
}

@BOOK{mahan00,
  author       = "G. D. Mahan",
  year         = "2000",
  title        = "Many-particle physics",
  publisher    = "Springer Science \& Business Media, New York"
}

@BOOK{bruus04,
  author       = "Henrik Bruus and Karsten Flensberg",
  year         = "2004",
  title        = "Many-body quantum theory in condensed matter physics: an introduction",
  publisher    = "Oxford University Press, New York"
}

@ARTICLE{husmi53,
   author       = "K. Husmi",
   year         = "1953",
   journal      = "Prog. Theor. Phys.",
   volume       = "9",
   pages        = "381",
}

@BOOK{ditt98,
  author       = "T. Dittrich and P. Hänggi and G. L. Ingold and B. Kramer and G. Schön, and W. Zwerger",
  year         = "1998",
  title        = "Quantum Transport and Dissipation",
  publisher    = "Wiley-VCH, Weinheim"
}

@ARTICLE{dini16,
   author       = "K. Dini and O. V. Kibis and I. A. Shelykh",
   year         = "2016",
   journal      = "Phys. Rev. B",
   volume       = "93",
   pages        = "235411",
}

@ARTICLE{wackerl20,
    author       = "M. Wackerl and P. Wenk and J. Schliemann",
    year         = "2020",
    journal      = "Phys. Rev. B",
    volume       = "101",
    pages        = "184204",
}

@ARTICLE{grifoni98,
    author       = "M. Grifoni and P. Hänggi",
    year         = "1998",
    journal      = "Phys. Rep.",
    volume       = "304",
    pages        = "229",
}

@ARTICLE{holthaus15,
    author       = "M. Holthaus",
    year         = "2015",
    journal      = "J. Phys. B: At., Mol. Opt. Phys.",
    volume       = "49",
    pages        = "013001",
}

@ARTICLE{floquet83,
    author       = "G. Floquet",
    year         = "1883",
    journal      = "Annales scientifiques de l’École Normale Supérieure ",
    volume       = "12",
    pages        = "47",
}

@ARTICLE{celeghini21,
    author       = "E. Celeghini and M. Gadella and M. A. del Olmo",
    year         = "2021",
    journal      = "Symmetry",
    volume       = "13",
    pages        = "853",
}

@ARTICLE{sambe75,
    author       = "H. Sambe",
    year         = "1975",
    journal      = "Phys. Rev. A",
    volume       = "7",
    pages        = "2203",
}

@ARTICLE{peskin93,
    author       = "U. Peskin and R. Kosloff and N. Moiseyev",
    year         = "1994",
    journal      = "J. Chem. Phys.",
    volume       = "100",
    pages        = "8849",
}

@ARTICLE{althorpe97,
    author       = "S. C. Althorpe and D. J. Kouri and D. K. Hoffman and N. Moiseyev",
    year         = "1997",
    journal      = "Chem. Phys.",
    volume       = "217",
    pages        = "289",
}

@BOOK{akkermans10,
  author       = "E. Akkermans and G. Montambaux",
  year         = "2010",
  title        = "Mesoscopic Physics of Electrons and Photons",
  publisher    = "Cambridge University Press"
}

@BOOK{arfken85,
  author       = "G. Arfken",
  year         = "1985",
  title        = "Mathematical Methods for Physicists ",
  publisher    = "Academic Press, Inc. , San Diego"
}

@BOOK{bracewell78,
  author       = "R. Bracewell",
  year         = "1978",
  title        = "The Fourier Transform and Its Applications",
  publisher    = "McGraw-Hill, New York"
}

@BOOK{cuyt08,
  author       = "A. Cuyt and V.B. Petersen and B. Verdonk and H. Waadeland and W.B. Jones",
  year         = "2008",
  title        = "Handbook of Continued Fractions for Special Functions",
  publisher    = "Springer, Dordrecht"
}

@BOOK{abramowitz64,
  author       = "M. Abramowitz and I. A. Stegun",
  year         = "1964",
  title        = "Handbook of Mathematical Functions with Formulas, Graphs, and Mathematical Tables",
  publisher    = "Dover, New York"
}

@ARTICLE{kibis14,
    author       = "O. V. Kibis",
    year         = "2014",
    journal      = "Europhys. Lett.",
    volume       = "107",
    pages        = "57003",
}

@BOOK{griffiths18,
  author       = "D. J. Griffiths and D. F. Schroeter",
  year         = "2018",
  title        = "Introduction to Quantum Mechanics",
  publisher    = "Cambridge University Press"
}

@BOOK{shankar94,
  author       = "R. Shankar",
  year         = "1994",
  title        = "Principles of Quantum Mechanics",
  publisher    = "Springer, New York"
}

@ARTICLE{endo09,
    author       = "A. Endo and N. Hatano and H. Nakamura and R. Shirasaki",
    year         = "2009",
    journal      = "J. Phys.: Condens. Matter",
    volume       = "21",
    pages        = "345803",
}

@BOOK{vedenyapin11,
  author       = "V.Vedenyapin and A. Sinitsyn and E. Dulov",
  year         = "2011",
  title        = "Kinetic Boltzmann, Vlasov and Related Equations",
  publisher    = "Elsevier, Amsterdam"
}

@BOOK{szego59,
  author       = "G. Szegö",
  year         = "1959",
  title        = "Orthogonal Polynomials",
  publisher    = "American Mathematical Society, New York"
}

@phdthesis{wackerlthesis20,
  author       = "M. Wackerl",
  title        = "Transport in Periodically Driven Systems",
  school       = "University of Regensburg",
  year         = "2020"
}

@ARTICLE{tsuji08,
    author       = "N. Tsuji and T. Oka and H. Aoki",
    year         = "2008",
    journal      = "Phys. Rev. B",
    volume       = "78",
    pages        = "235124"
}

@article{ando72,
  title={Transverse magneto-conductivity of a two-dimensional electron gas},
  author={Ando, Tsuneya and Matsumoto, Yukio and Uemura, Yasutada and Kobayashi, Mineo and Komatsubara, Kiichi F},
  journal={J. Phys. Soc. Jpn.},
  volume={32},
  pages={859},
  year={1972}
}

@ARTICLE{ando74_1,
    author       = "T. Ando and Y. Uemura",
    year         = "1974",
    journal      = "J. Phys. Soc. Jpn.",
    volume       = "36",
    pages        = "959"
}

@ARTICLE{ando74_2,
    author       = "T. Ando",
    year         = "1974",
    journal      = "J. Phys. Soc. Jpn.",
    volume       = "36",
    pages        = "1521"
}

@ARTICLE{ando74_3,
    author       = "T. Ando",
    year         = "1974",
    journal      = "J. Phys. Soc. Jpn.",
    volume       = "37",
    pages        = "622"
}

@ARTICLE{ando74_4,
    author       = "T. Ando and Y. Uemura",
    year         = "1974",
    journal      = "J. Phys. Soc. Jpn.",
    volume       = "37",
    pages        = "1233"
}

@ARTICLE{ando82,
    author       = "T. Ando and A. B. Fowler, and F. Stern",
    year         = "1982",
    journal      = "Rev. Mod. Phys.",
    volume       = "54",
    pages        = "437",
}

@article{liu16,
  title={Van der Waals heterostructures and devices},
  author={Liu, Yuan and Weiss, Nathan O and Duan, Xidong and Cheng, Hung Chieh and Huang, Yu and Duan, Xiangfeng},
  journal={Nat. Rev. Mater.},
  volume={1},
  pages={16042},
  year={2016}
}

@article{wijesekara20,
  title={Optically controlled quantum thermal gate},
  author={Wijesekara, Ravi T and Gunapala, Sarath D and Stockman, Mark I and Premaratne, Malin},
  journal={Phy. Rev. B},
  volume={101},
  pages={245402},
  year={2020}
}

@article{tao21,
  title={Enhancing light-matter interaction in 2D materials by optical micro/nano architectures for high-performance optoelectronic devices},
  author={Tao, Li and Chen, Zefeng and Li, Zhiyong and Wang, Jiaqi and Xu, Xin and Xu, Jian-Bin},
  journal={InfoMat},
  volume={3},
  pages={36},
  year={2021}
}

@book{grynberg10,
  title={Introduction to quantum optics: from the semi-classical approach to quantized light},
  author={Grynberg, Gilbert and Aspect, Alain and Fabre, Claude},
  year={2010},
  publisher={Cambridge University Press}
}

@article{rodrigo2015,
  title={Mid-infrared plasmonic biosensing with graphene},
  author={Rodrigo, Daniel and Limaj, Odeta and Janner, Davide and Etezadi, Dordaneh and De Abajo, F Javier García and Pruneri, Valerio and Altug, Hatice},
  journal={Science},
  volume={349},
  pages={165},
  year={2015}
}

@article{pirandola18,
  title={Advances in photonic quantum sensing},
  author={Pirandola, Stefano and Bardhan, B Roy and Gehring, Tobias and Weedbrook, Christian and Lloyd, Seth},
  journal={Nat. Photoics},
  volume={12},
  pages={724},
  year={2018}
}

@article{hapuarachchi2018,
  title={Optoelectronic figure of merit of a metal nanoparticle—quantum dot (mnp-qd) hybrid molecule for assessing its suitability for sensing applications},
  author={Hapuarachchi, Harini and Mallawaarachchi, Sudaraka and Hattori, Haroldo T and Zhu, Weiren and Premaratne, Malin},
  journal={J. Phys. Condens. Matter.},
  volume={30},
  pages={054006},
  year={2018}
}

@article{yuan16,
  title={Colloidal quantum dot solids for solution-processed solar cells},
  author={Yuan, Mingjian and Liu, Mengxia and Sargent, Edward H},
  journal={Nature Energy},
  volume={1},
  number={3},
  pages={16016},
  year={2016}
}

@article{sun18,
  title={Multibandgap quantum dot ensembles for solar-matched infrared energy harvesting},
  author={Sun, Bin and Ouellette, Olivier and de Arquer, F Pelayo Garc{\'\i}a and Voznyy, Oleksandr and Kim, Younghoon and Wei, Mingyang and Proppe, Andrew H and Saidaminov, Makhsud I and Xu, Jixian and Liu, Mengxia and others},
  journal={Nat. Commun.},
  volume={9},
  pages={4003},
  year={2018}
}

@article{huh15,
  title={Boson sampling for molecular vibronic spectra},
  author={Huh, Joonsuk and Guerreschi, Gian Giacomo and Peropadre, Borja and McClean, Jarrod R and Aspuru-Guzik, Alán},
  journal={Nat. Photonics},
  volume={9},
  pages={615},
  year={2015}
}

@article{slussarenko19,
  title={Photonic quantum information processing: A concise review},
  author={Slussarenko, Sergei and Pryde, Geoff J},
  journal={Appl. Phys. Rev.},
  volume={6},
  pages={041303},
  year={2019}
}

@article{andersen21,
  title={A step closer to optical quantum computers},
  author={Andersen, Ulrik Lund},
  journal={Nature},
  volume={591},
  pages={40},
  year={2021}
}

@article{marais18,
  title={The future of quantum biology},
  author={Marais, Adriana and Adams, Betony and Ringsmuth, Andrew K and Ferretti, Marco and Gruber, J Michael and Hendrikx, Ruud and Schuld, Maria and Smith, Samuel L and Sinayskiy, Ilya and Kr{\"u}ger, Tjaart PJ and others},
  journal={J. R. Soc. Interface},
  volume={15},
  pages={20180640},
  year={2018}
}

@article{bian20,
  title={Bioinspired MXene-integrated colloidal crystal arrays for multichannel bioinformation coding},
  author={Bian, Feika and Sun, Lingyu and Cai, Lijun and Wang, Yu and Zhao, Yuanjin},
  journal={Proc. Natl. Acad. Sci.},
  volume={117},
  pages={22736},
  year={2020}
}

@article{rivera20,
  title={Light--matter interactions with photonic quasiparticles},
  author={Rivera, Nicholas and Kaminer, Ido},
  journal={Nat. Rev. Phys.},
  volume={2},
  pages={538},
  year={2020}
}

@article{shalaev07,
  title={Optical negative-index metamaterials},
  author={Shalaev, Vladimir M},
  journal={Nat. Photonics},
  volume={1},
  pages={41},
  year={2007}
}

@article{si14,
  title={Giant plasmene nanosheets, nanoribbons, and origami},
  author={Si, Kae Jye and Sikdar, Debabrata and Chen, Yi and Eftekhari, Fatima and Xu, Zaiquan and Tang, Yue and Xiong, Wei and Guo, Pengzhen and Zhang, Shuang and Lu, Yuerui and others},
  journal={ACS Nano},
  volume={8},
  pages={11086},
  year={2014}
}

@article{hapuarachchi19,
  title={Plasmonic metaresonances: harnessing nonlocal effects for prospective biomedical applications},
  author={Hapuarachchi, Harini and Gunapala, Sarath D and Premaratne, Malin},
  journal={J. Phys. Condens. Matter.},
  volume={31},
  pages={325301},
  year={2019}
}

@article{perera20,
  title={Plasmonic properties of metallic nanoshells in the quantum limit: From single particle excitations to plasmons},
  author={Perera, Tharaka and Gunapala, Sarath D and Stockman, Mark I and Premaratne, Malin},
  journal={J. Phys. Chem. C},
  volume={124},
  pages={27694},
  year={2020}
}

@article{zhang05,
  title={Quantum efficiency of ZnO nanowire nanolasers},
  author={Zhang, Yanfeng and Russo, Richard E and Mao, Samuel S},
  journal={Appl. Phys. Lett.},
  volume={87},
  pages={043106},
  year={2005}
}

@article{chow13,
  title={On the physics of semiconductor quantum dots for applications in lasers and quantum optics},
  author={Chow, Weng W and Jahnke, Frank},
  journal={Prog. Quantum. Electron.},
  volume={37},
  pages={109},
  year={2013}
}

@article{tsang10,
  title={Cavity quantum electro-optics},
  author={Tsang, Mankei},
  journal={Phys. Rev. A},
  volume={81},
  pages={063837},
  year={2010}
}

@article{devi20,
  title={Nonequilibrium cavity QED model accounting for dipole-dipole interaction in strong-, ultrastrong-, and deep-strong-coupling regimes},
  author={Devi, Asha and Gunapala, Sarath D and Stockman, Mark I and Premaratne, Malin},
  journal={Phys. Rev. A},
  volume={102},
  pages={013701},
  year={2020}
}

@article{kitagawa11,
  title={Transport properties of nonequilibrium systems under the application of light: Photoinduced quantum Hall insulators without Landau levels},
  author={Kitagawa, Takuya and Oka, Takashi and Brataas, Arne and Fu, Liang and Demler, Eugene},
  journal={Phys. Rev. B},
  volume={84},
  pages={235108},
  year={2011}
}

@article{zhou11,
  title={Optical response of graphene under intense terahertz fields},
  author={Zhou, Y and Wu, Ming-Wei},
  journal={Phys.Rev.B},
  volume={83},
  pages={245436},
  year={2011}
}

@article{kibis14,
  title={How to suppress the backscattering of conduction electrons?},
  author={Kibis, O V},
  journal={Europhys. Lett.},
  volume={107},
  pages={57003},
  year={2014}
}

@article{pervishko15,
  title={Control of spin dynamics in a two-dimensional electron gas by electromagnetic dressing},
  author={Pervishko, A A and Kibis, Oleg V and Morina, S and Shelykh, I A},
  journal={Phys. Rev. B},
  volume={92},
  pages={205403},
  year={2015}
}

@article{morina15,
  title={Transport properties of a two-dimensional electron gas dressed by light},
  author={Morina, S and Kibis, O V and Pervishko, A A and Shelykh, I A},
  journal={Phys. Rev. B},
  volume={91},
  pages={155312},
  year={2015}
}

@article{dehghani15,
  title={Out-of-equilibrium electrons and the Hall conductance of a Floquet topological insulator},
  author={Dehghani, Hossein and Oka, Takashi and Mitra, Aditi},
  journal={Phys. Rev. B},
  volume={91},
  pages={155422},
  year={2015}
}

@book{premaratne21,
  title={Theoretical Foundations of Nanoscale Quantum Devices},
  author={Premaratne, Malin and Agrawal, Govind P},
  year={2021},
  publisher={Cambridge University Press}
}

@book{scully01,
  title={Introduction to Quantum Optics},
  author={Scully, MO and Zubairy, MS},
  year={2001},
  publisher={Cambridge University Press}
}

@book{cohen98,
  title={Atom—Photon Interactions},
  author={Cohen-Tannoudji, Claude and Dupont-Roc, Jacques and Grynberg, Gilbert},
  year={1998},
  publisher={John Wiley \& Sons, Ltd}
}

@book{girvin90,
  title={The quantum Hall effect},
  author={Girvin, SM and Prange, R},
  year={1990},
  publisher={Springer-Verlag, New York}
}

@article{allerman95,
  title={Non-ohmic behavior of the high-field magnetoresistances in {AlGaAs/GaAs} heterostructures},
  author={Allerman, AA and Xu, W and Hauser, N and Jagadish, C},
  journal={J. Appl. Phys.},
  volume={77},
  pages={2052},
  year={1995}
}

@article{tieke97,
  title={Fundamental relation between electrical and thermoelectric transport coefficients in the quantum Hall regime},
  author={Tieke, B and Fletcher, R and Zeitler, U and Geim, AK and Henini, M and Maan, JC},
  journal={Phys. Rev. Lett.},
  volume={78},
  pages={4621},
  year={1997}
}

@article{pan05,
  title={Quantization of the diagonal resistance: Density gradients and the empirical resistance rule in a 2D system},
  author={Pan, Wei and Xia, JS and Stormer, HL and Tsui, DC and Vicente, CL and Adams, ED and Sullivan, NS and Pfeiffer, LN and Baldwin, KW and West, KW},
  journal={Phys. Rev. Lett.},
  volume={95},
  pages={066808},
  year={2005}
}

@article{landau30,
  title={Diamagnetism of Metals},
  author={Landau, L.D.},
  journal={Z. Physik},
  volume={64},
  pages={629},
  year={1930}
}

@BOOK{winkler03
  title={Spin-orbit Coupling Effects in Two-Dimensional Electron and Hole Systems},
  author={Winkler, R},
  year={2003},
  publisher={Springer, Berlin}
}
